<?xml version="1.0" encoding="UTF-8"?><collection xmlns="http://www.loc.gov/MARC21/slim"><record><leader>00392nam--2200133-i-4500</leader><controlfield tag="001">000029063</controlfield><controlfield tag="002">20161230</controlfield><controlfield tag="005">20161230201037</controlfield><controlfield tag="008">060222s1000------------r-----000-0-eng-d</controlfield><datafield ind1=" " ind2=" " tag="080"><subfield code="a">530.1</subfield></datafield><datafield ind1=" " ind2=" " tag="100"><subfield code="a">Levich, Benjamin G</subfield></datafield><datafield ind1=" " ind2=" " tag="245"><subfield code="a">Theoretical physics. an advanced text. vol.4: quantum statistics and physical kinetics</subfield></datafield><datafield ind1=" " ind2=" " tag="260"><subfield code="a">Amsterdam, North-holland Publ.Co., 1970-1973</subfield></datafield><datafield ind1=" " ind2=" " tag="852"><subfield code="a">35218</subfield></datafield></record></collection>